date,sales
1/1/14 5:49,1742
1/2/14 5:49,1808
1/3/14 5:49,1887
1/4/14 5:49,1983
1/5/14 5:49,2087
1/6/14 5:49,2206
1/7/14 5:49,1496
1/8/14 5:49,1800
1/9/14 5:49,1786
1/10/14 5:49,1956
1/11/14 5:49,1989
1/12/14 5:49,2166
1/13/14 5:49,2258
1/14/14 5:49,1504
1/15/14 5:49,1766
1/16/14 5:49,1749
1/17/14 5:49,1826
1/18/14 5:49,2058
1/19/14 5:49,2125
1/20/14 5:49,2236
1/21/14 5:49,1546
1/22/14 5:49,1732
1/23/14 5:49,1744
1/24/14 5:49,1792
1/25/14 5:49,2062
1/26/14 5:49,2164
1/27/14 5:49,2289
1/28/14 5:49,1503
1/29/14 5:49,1748
1/30/14 5:49,1722
1/31/14 5:49,1790
2/1/14 5:49,2241
2/2/14 5:49,2488
2/3/14 5:49,2566
2/4/14 5:49,1655
2/5/14 5:49,1929
2/6/14 5:49,2004
2/7/14 5:49,2127
2/8/14 5:49,2172
2/9/14 5:49,2306
2/10/14 5:49,2578
2/11/14 5:49,1728
2/12/14 5:49,1940
2/13/14 5:49,1971
2/14/14 5:49,2055
2/15/14 5:49,2285
2/16/14 5:49,2449
2/17/14 5:49,2513
2/18/14 5:49,1648
2/19/14 5:49,1966
2/20/14 5:49,1917
2/21/14 5:49,2094
2/22/14 5:49,2275
2/23/14 5:49,2320
2/24/14 5:49,2563
2/25/14 5:49,1653
2/26/14 5:49,1942
2/27/14 5:49,1956
2/28/14 5:49,2043
3/1/14 5:49,2732
3/2/14 5:49,2905
3/3/14 5:49,3035
3/4/14 5:49,2023
3/5/14 5:49,2340
3/6/14 5:49,2390
3/7/14 5:49,2428
3/8/14 5:49,2653
3/9/14 5:49,2860
3/10/14 5:49,2980
3/11/14 5:49,1965
3/12/14 5:49,2302
3/13/14 5:49,2412
3/14/14 5:49,2423
3/15/14 5:49,2669
3/16/14 5:49,2801
3/17/14 5:49,3020
3/18/14 5:49,2025
3/19/14 5:49,2313
3/20/14 5:49,2337
3/21/14 5:49,2543
3/22/14 5:49,2706
3/23/14 5:49,2864
3/24/14 5:49,2977
3/25/14 5:49,1998
3/26/14 5:49,2430
3/27/14 5:49,2360
3/28/14 5:49,2588
3/29/14 5:49,2655
3/30/14 5:49,2875
3/31/14 5:49,3000
4/1/14 5:49,2471
4/2/14 5:49,2736
4/3/14 5:49,2719
4/4/14 5:49,2952
4/5/14 5:49,3077
4/6/14 5:49,3302
4/7/14 5:49,3414
4/8/14 5:49,2336
4/9/14 5:49,2779
4/10/14 5:49,2685
4/11/14 5:49,3036
4/12/14 5:49,3170
4/13/14 5:49,3250
4/14/14 5:49,3667
4/15/14 5:49,2284
4/16/14 5:49,2736
4/17/14 5:49,2684
4/18/14 5:49,2931
4/19/14 5:49,3119
4/20/14 5:49,3329
4/21/14 5:49,3566
4/22/14 5:49,2341
4/23/14 5:49,2773
4/24/14 5:49,2646
4/25/14 5:49,2907
4/26/14 5:49,3138
4/27/14 5:49,3309
4/28/14 5:49,3588
4/29/14 5:49,2347
4/30/14 5:49,2695
5/1/14 5:49,2971
5/2/14 5:49,3184
5/3/14 5:49,3379
5/4/14 5:49,3618
5/5/14 5:49,3814
5/6/14 5:49,2476
5/7/14 5:49,2942
5/8/14 5:49,2908
5/9/14 5:49,3088
5/10/14 5:49,3421
5/11/14 5:49,3549
5/12/14 5:49,3717
5/13/14 5:49,2474
5/14/14 5:49,2973
5/15/14 5:49,2953
5/16/14 5:49,3178
5/17/14 5:49,3301
5/18/14 5:49,3611
5/19/14 5:49,3720
5/20/14 5:49,2581
5/21/14 5:49,2828
5/22/14 5:49,2894
5/23/14 5:49,3130
5/24/14 5:49,3369
5/25/14 5:49,3576
5/26/14 5:49,3747
5/27/14 5:49,2472
5/28/14 5:49,3003
5/29/14 5:49,2980
5/30/14 5:49,3155
5/31/14 5:49,3349
6/1/14 5:49,3696
6/2/14 5:49,4164
6/3/14 5:49,2647
6/4/14 5:49,3100
6/5/14 5:49,3142
6/6/14 5:49,3363
6/7/14 5:49,3606
6/8/14 5:49,3770
6/9/14 5:49,3927
6/10/14 5:49,2653
6/11/14 5:49,3245
6/12/14 5:49,3172
6/13/14 5:49,3277
6/14/14 5:49,3502
6/15/14 5:49,3781
6/16/14 5:49,4039
6/17/14 5:49,2611
6/18/14 5:49,3064
6/19/14 5:49,3073
6/20/14 5:49,3339
6/21/14 5:49,3507
6/22/14 5:49,3775
6/23/14 5:49,4046
6/24/14 5:49,2690
6/25/14 5:49,3068
6/26/14 5:49,3152
6/27/14 5:49,3388
6/28/14 5:49,3564
6/29/14 5:49,3687
6/30/14 5:49,4110
7/1/14 5:49,2781
7/2/14 5:49,3290
7/3/14 5:49,3323
7/4/14 5:49,3535
7/5/14 5:49,3752
7/6/14 5:49,4038
7/7/14 5:49,4139
7/8/14 5:49,2811
7/9/14 5:49,3298
7/10/14 5:49,3231
7/11/14 5:49,3577
7/12/14 5:49,3759
7/13/14 5:49,4034
7/14/14 5:49,4194
7/15/14 5:49,2871
7/16/14 5:49,3291
7/17/14 5:49,3251
7/18/14 5:49,3485
7/19/14 5:49,3845
7/20/14 5:49,4041
7/21/14 5:49,4174
7/22/14 5:49,2861
7/23/14 5:49,3319
7/24/14 5:49,3369
7/25/14 5:49,3653
7/26/14 5:49,3858
7/27/14 5:49,4130
7/28/14 5:49,4206
7/29/14 5:49,2859
7/30/14 5:49,3298
7/31/14 5:49,3372
8/1/14 5:49,3120
8/2/14 5:49,3344
8/3/14 5:49,3513
8/4/14 5:49,3714
8/5/14 5:49,2428
8/6/14 5:49,2838
8/7/14 5:49,2817
8/8/14 5:49,3200
8/9/14 5:49,3300
8/10/14 5:49,3518
8/11/14 5:49,3818
8/12/14 5:49,2488
8/13/14 5:49,2825
8/14/14 5:49,2951
8/15/14 5:49,3075
8/16/14 5:49,3339
8/17/14 5:49,3512
8/18/14 5:49,3802
8/19/14 5:49,2557
8/20/14 5:49,2912
8/21/14 5:49,2821
8/22/14 5:49,3072
8/23/14 5:49,3304
8/24/14 5:49,3632
8/25/14 5:49,3706
8/26/14 5:49,2488
8/27/14 5:49,2943
8/28/14 5:49,2971
8/29/14 5:49,3111
8/30/14 5:49,3328
8/31/14 5:49,3545
9/1/14 5:49,3530
9/2/14 5:49,2363
9/3/14 5:49,2845
9/4/14 5:49,2729
9/5/14 5:49,2978
9/6/14 5:49,3088
9/7/14 5:49,3243
9/8/14 5:49,3514
9/9/14 5:49,2350
9/10/14 5:49,2771
9/11/14 5:49,2740
9/12/14 5:49,2849
9/13/14 5:49,3091
9/14/14 5:49,3256
9/15/14 5:49,3561
9/16/14 5:49,2322
9/17/14 5:49,2679
9/18/14 5:49,2677
9/19/14 5:49,2988
9/20/14 5:49,3178
9/21/14 5:49,3338
9/22/14 5:49,3473
9/23/14 5:49,2388
9/24/14 5:49,2752
9/25/14 5:49,2727
9/26/14 5:49,2969
9/27/14 5:49,3090
9/28/14 5:49,3258
9/29/14 5:49,3561
9/30/14 5:49,2365
10/1/14 5:49,2487
10/2/14 5:49,2589
10/3/14 5:49,2732
10/4/14 5:49,2854
10/5/14 5:49,3105
10/6/14 5:49,3178
10/7/14 5:49,2197
10/8/14 5:49,2517
10/9/14 5:49,2582
10/10/14 5:49,2713
10/11/14 5:49,2823
10/12/14 5:49,3074
10/13/14 5:49,3173
10/14/14 5:49,2164
10/15/14 5:49,2582
10/16/14 5:49,2521
10/17/14 5:49,2698
10/18/14 5:49,2795
10/19/14 5:49,3098
10/20/14 5:49,3213
10/21/14 5:49,2195
10/22/14 5:49,2515
10/23/14 5:49,2568
10/24/14 5:49,2706
10/25/14 5:49,2865
10/26/14 5:49,3010
10/27/14 5:49,3155
10/28/14 5:49,2130
10/29/14 5:49,2574
10/30/14 5:49,2585
10/31/14 5:49,2695
11/1/14 5:49,3052
11/2/14 5:49,3258
11/3/14 5:49,3484
11/4/14 5:49,2359
11/5/14 5:49,2751
11/6/14 5:49,2626
11/7/14 5:49,2889
11/8/14 5:49,3179
11/9/14 5:49,3432
11/10/14 5:49,3512
11/11/14 5:49,2293
11/12/14 5:49,2714
11/13/14 5:49,2715
11/14/14 5:49,2916
11/15/14 5:49,3103
11/16/14 5:49,3346
11/17/14 5:49,3585
11/18/14 5:49,2418
11/19/14 5:49,2833
11/20/14 5:49,2730
11/21/14 5:49,2888
11/22/14 5:49,3051
11/23/14 5:49,3292
11/24/14 5:49,3444
11/25/14 5:49,2319
11/26/14 5:49,2764
11/27/14 5:49,2790
11/28/14 5:49,2884
11/29/14 5:49,3019
11/30/14 5:49,3228
12/1/14 5:49,2515
12/2/14 5:49,1770
12/3/14 5:49,1946
12/4/14 5:49,1926
12/5/14 5:49,2080
12/6/14 5:49,2183
12/7/14 5:49,2394
12/8/14 5:49,2379
12/9/14 5:49,1563
12/10/14 5:49,1932
12/11/14 5:49,2021
12/12/14 5:49,2120
12/13/14 5:49,2209
12/14/14 5:49,2322
12/15/14 5:49,2512
12/16/14 5:49,1731
12/17/14 5:49,1869
12/18/14 5:49,1940
12/19/14 5:49,2096
12/20/14 5:49,2234
12/21/14 5:49,2421
12/22/14 5:49,2547
12/23/14 5:49,1699
12/24/14 5:49,1941
12/25/14 5:49,1977
12/26/14 5:49,2094
12/27/14 5:49,2143
12/28/14 5:49,2368
12/29/14 5:49,2393
12/30/14 5:49,1663
12/31/14 5:49,1954
1/1/15 5:49,1937
1/2/15 5:49,2167
1/3/15 5:49,2355
1/4/15 5:49,2475
1/5/15 5:49,2545
1/6/15 5:49,1695
1/7/15 5:49,2009
1/8/15 5:49,1966
1/9/15 5:49,2227
1/10/15 5:49,2280
1/11/15 5:49,2375
1/12/15 5:49,2539
1/13/15 5:49,1745
1/14/15 5:49,1987
1/15/15 5:49,1970
1/16/15 5:49,2079
1/17/15 5:49,2322
1/18/15 5:49,2453
1/19/15 5:49,2572
1/20/15 5:49,1777
1/21/15 5:49,1975
1/22/15 5:49,1982
1/23/15 5:49,2161
1/24/15 5:49,2343
1/25/15 5:49,2538
1/26/15 5:49,2565
1/27/15 5:49,1711
1/28/15 5:49,2076
1/29/15 5:49,2042
1/30/15 5:49,2160
1/31/15 5:49,2287
2/1/15 5:49,2773
2/2/15 5:49,2947
2/3/15 5:49,1880
2/4/15 5:49,2214
2/5/15 5:49,2214
2/6/15 5:49,2335
2/7/15 5:49,2600
2/8/15 5:49,2751
2/9/15 5:49,2967
2/10/15 5:49,1856
2/11/15 5:49,2217
2/12/15 5:49,2197
2/13/15 5:49,2404
2/14/15 5:49,2502
2/15/15 5:49,2675
2/16/15 5:49,2836
2/17/15 5:49,1954
2/18/15 5:49,2224
2/19/15 5:49,2218
2/20/15 5:49,2384
2/21/15 5:49,2598
2/22/15 5:49,2648
2/23/15 5:49,2826
2/24/15 5:49,1911
2/25/15 5:49,2350
2/26/15 5:49,2302
2/27/15 5:49,2332
2/28/15 5:49,2490
3/1/15 5:49,3312
3/2/15 5:49,3545
3/3/15 5:49,2310
3/4/15 5:49,2746
3/5/15 5:49,2647
3/6/15 5:49,2867
3/7/15 5:49,3039
3/8/15 5:49,3270
3/9/15 5:49,3488
3/10/15 5:49,2237
3/11/15 5:49,2707
3/12/15 5:49,2705
3/13/15 5:49,2831
3/14/15 5:49,3082
3/15/15 5:49,3329
3/16/15 5:49,3414
3/17/15 5:49,2277
3/18/15 5:49,2724
3/19/15 5:49,2700
3/20/15 5:49,2931
3/21/15 5:49,2993
3/22/15 5:49,3284
3/23/15 5:49,3449
3/24/15 5:49,2250
3/25/15 5:49,2609
3/26/15 5:49,2669
3/27/15 5:49,2854
3/28/15 5:49,3133
3/29/15 5:49,3279
3/30/15 5:49,3576
3/31/15 5:49,2290
4/1/15 5:49,3063
4/2/15 5:49,3135
4/3/15 5:49,3326
4/4/15 5:49,3505
4/5/15 5:49,3852
4/6/15 5:49,4084
4/7/15 5:49,2726
4/8/15 5:49,3160
4/9/15 5:49,3198
4/10/15 5:49,3319
4/11/15 5:49,3572
4/12/15 5:49,3902
4/13/15 5:49,4104
4/14/15 5:49,2679
4/15/15 5:49,3207
4/16/15 5:49,3137
4/17/15 5:49,3494
4/18/15 5:49,3524
4/19/15 5:49,3813
4/20/15 5:49,3904
4/21/15 5:49,2706
4/22/15 5:49,3161
4/23/15 5:49,3130
4/24/15 5:49,3350
4/25/15 5:49,3567
4/26/15 5:49,3751
4/27/15 5:49,4096
4/28/15 5:49,2794
4/29/15 5:49,3149
4/30/15 5:49,3056
5/1/15 5:49,3709
5/2/15 5:49,3900
5/3/15 5:49,4031
5/4/15 5:49,4295
5/5/15 5:49,2942
5/6/15 5:49,3468
5/7/15 5:49,3405
5/8/15 5:49,3614
5/9/15 5:49,3770
5/10/15 5:49,4017
5/11/15 5:49,4323
5/12/15 5:49,2993
5/13/15 5:49,3340
5/14/15 5:49,3267
5/15/15 5:49,3571
5/16/15 5:49,3749
5/17/15 5:49,4104
5/18/15 5:49,4258
5/19/15 5:49,2930
5/20/15 5:49,3294
5/21/15 5:49,3389
5/22/15 5:49,3581
5/23/15 5:49,3784
5/24/15 5:49,4120
5/25/15 5:49,4302
5/26/15 5:49,2840
5/27/15 5:49,3415
5/28/15 5:49,3444
5/29/15 5:49,3600
5/30/15 5:49,3757
5/31/15 5:49,4057
6/1/15 5:49,4606
6/2/15 5:49,3096
6/3/15 5:49,3552
6/4/15 5:49,3525
6/5/15 5:49,3731
6/6/15 5:49,4194
6/7/15 5:49,4210
6/8/15 5:49,4587
6/9/15 5:49,3034
6/10/15 5:49,3627
6/11/15 5:49,3615
6/12/15 5:49,3870
6/13/15 5:49,4091
6/14/15 5:49,4386
6/15/15 5:49,4696
6/16/15 5:49,3147
6/17/15 5:49,3611
6/18/15 5:49,3621
6/19/15 5:49,3880
6/20/15 5:49,4136
6/21/15 5:49,4414
6/22/15 5:49,4501
6/23/15 5:49,3027
6/24/15 5:49,3591
6/25/15 5:49,3603
6/26/15 5:49,3981
6/27/15 5:49,4084
6/28/15 5:49,4407
6/29/15 5:49,4644
6/30/15 5:49,3023
7/1/15 5:49,3784
7/2/15 5:49,3873
7/3/15 5:49,4040
7/4/15 5:49,4358
7/5/15 5:49,4545
7/6/15 5:49,4985
7/7/15 5:49,3272
7/8/15 5:49,3808
7/9/15 5:49,3908
7/10/15 5:49,4147
7/11/15 5:49,4428
7/12/15 5:49,4621
7/13/15 5:49,4791
7/14/15 5:49,3262
7/15/15 5:49,3910
7/16/15 5:49,3749
7/17/15 5:49,4125
7/18/15 5:49,4433
7/19/15 5:49,4593
7/20/15 5:49,4814
7/21/15 5:49,3201
7/22/15 5:49,3773
7/23/15 5:49,3699
7/24/15 5:49,4081
7/25/15 5:49,4377
7/26/15 5:49,4556
7/27/15 5:49,4895
7/28/15 5:49,3235
7/29/15 5:49,3764
7/30/15 5:49,3896
7/31/15 5:49,4101
8/1/15 5:49,3849
8/2/15 5:49,4114
8/3/15 5:49,4291
8/4/15 5:49,2929
8/5/15 5:49,3316
8/6/15 5:49,3346
8/7/15 5:49,3608
8/8/15 5:49,3759
8/9/15 5:49,3997
8/10/15 5:49,4230
8/11/15 5:49,2889
8/12/15 5:49,3428
8/13/15 5:49,3350
8/14/15 5:49,3538
8/15/15 5:49,3762
8/16/15 5:49,3955
8/17/15 5:49,4405
8/18/15 5:49,2870
8/19/15 5:49,3339
8/20/15 5:49,3325
8/21/15 5:49,3618
8/22/15 5:49,3711
8/23/15 5:49,3996
8/24/15 5:49,4296
8/25/15 5:49,2806
8/26/15 5:49,3337
8/27/15 5:49,3338
8/28/15 5:49,3566
8/29/15 5:49,3873
8/30/15 5:49,4031
8/31/15 5:49,4344
9/1/15 5:49,2656
9/2/15 5:49,3082
9/3/15 5:49,3081
9/4/15 5:49,3390
9/5/15 5:49,3553
9/6/15 5:49,3788
9/7/15 5:49,4027
9/8/15 5:49,2670
9/9/15 5:49,3120
9/10/15 5:49,3261
9/11/15 5:49,3318
9/12/15 5:49,3599
9/13/15 5:49,3876
9/14/15 5:49,4039
9/15/15 5:49,2732
9/16/15 5:49,3056
9/17/15 5:49,3091
9/18/15 5:49,3320
9/19/15 5:49,3663
9/20/15 5:49,3758
9/21/15 5:49,3971
9/22/15 5:49,2667
9/23/15 5:49,3084
9/24/15 5:49,3086
9/25/15 5:49,3294
9/26/15 5:49,3529
9/27/15 5:49,3802
9/28/15 5:49,4076
9/29/15 5:49,2685
9/30/15 5:49,3066
10/1/15 5:49,2928
10/2/15 5:49,3200
10/3/15 5:49,3414
10/4/15 5:49,3523
10/5/15 5:49,3741
10/6/15 5:49,2533
10/7/15 5:49,2861
10/8/15 5:49,2895
10/9/15 5:49,3110
10/10/15 5:49,3236
10/11/15 5:49,3381
10/12/15 5:49,3700
10/13/15 5:49,2468
10/14/15 5:49,2944
10/15/15 5:49,3000
10/16/15 5:49,3002
10/17/15 5:49,3341
10/18/15 5:49,3570
10/19/15 5:49,3736
10/20/15 5:49,2534
10/21/15 5:49,3013
10/22/15 5:49,2934
10/23/15 5:49,3068
10/24/15 5:49,3399
10/25/15 5:49,3529
10/26/15 5:49,3731
10/27/15 5:49,2562
10/28/15 5:49,2935
10/29/15 5:49,2868
10/30/15 5:49,3154
10/31/15 5:49,3423
11/1/15 5:49,3806
11/2/15 5:49,3884
11/3/15 5:49,2709
11/4/15 5:49,3110
11/5/15 5:49,3172
11/6/15 5:49,3344
11/7/15 5:49,3520
11/8/15 5:49,3807
11/9/15 5:49,4029
11/10/15 5:49,2656
11/11/15 5:49,3200
11/12/15 5:49,3138
11/13/15 5:49,3302
11/14/15 5:49,3648
11/15/15 5:49,3747
11/16/15 5:49,4099
11/17/15 5:49,2680
11/18/15 5:49,3077
11/19/15 5:49,3114
11/20/15 5:49,3340
11/21/15 5:49,3630
11/22/15 5:49,3869
11/23/15 5:49,4104
11/24/15 5:49,2732
11/25/15 5:49,3066
11/26/15 5:49,3179
11/27/15 5:49,3331
11/28/15 5:49,3650
11/29/15 5:49,3811
11/30/15 5:49,4051
12/1/15 5:49,1983
12/2/15 5:49,2213
12/3/15 5:49,2235
12/4/15 5:49,2320
12/5/15 5:49,2579
12/6/15 5:49,2631
12/7/15 5:49,2799
12/8/15 5:49,1938
12/9/15 5:49,2233
12/10/15 5:49,2216
12/11/15 5:49,2369
12/12/15 5:49,2565
12/13/15 5:49,2757
12/14/15 5:49,2973
12/15/15 5:49,1885
12/16/15 5:49,2228
12/17/15 5:49,2324
12/18/15 5:49,2469
12/19/15 5:49,2547
12/20/15 5:49,2604
12/21/15 5:49,2916
12/22/15 5:49,1927
12/23/15 5:49,2237
12/24/15 5:49,2259
12/25/15 5:49,2356
12/26/15 5:49,2495
12/27/15 5:49,2664
12/28/15 5:49,2821
12/29/15 5:49,1909
12/30/15 5:49,2261
12/31/15 5:49,2276
1/1/16 5:49,2167
1/2/16 5:49,2382
1/3/16 5:49,2506
1/4/16 5:49,2708
1/5/16 5:49,1820
1/6/16 5:49,2116
1/7/16 5:49,2032
1/8/16 5:49,2257
1/9/16 5:49,2530
1/10/16 5:49,2564
1/11/16 5:49,2694
1/12/16 5:49,1805
1/13/16 5:49,2083
1/14/16 5:49,2097
1/15/16 5:49,2300
1/16/16 5:49,2437
1/17/16 5:49,2602
1/18/16 5:49,2672
1/19/16 5:49,1823
1/20/16 5:49,2008
1/21/16 5:49,2089
1/22/16 5:49,2263
1/23/16 5:49,2382
1/24/16 5:49,2620
1/25/16 5:49,2822
1/26/16 5:49,1780
1/27/16 5:49,2061
1/28/16 5:49,2155
1/29/16 5:49,2161
1/30/16 5:49,2405
1/31/16 5:49,2538
2/1/16 5:49,3013
2/2/16 5:49,2046
2/3/16 5:49,2318
2/4/16 5:49,2404
2/5/16 5:49,2486
2/6/16 5:49,2679
2/7/16 5:49,2870
2/8/16 5:49,2988
2/9/16 5:49,1970
2/10/16 5:49,2358
2/11/16 5:49,2364
2/12/16 5:49,2543
2/13/16 5:49,2592
2/14/16 5:49,2790
2/15/16 5:49,2969
2/16/16 5:49,1973
2/17/16 5:49,2387
2/18/16 5:49,2331
2/19/16 5:49,2539
2/20/16 5:49,2880
2/21/16 5:49,2831
2/22/16 5:49,2967
2/23/16 5:49,1983
2/24/16 5:49,2291
2/25/16 5:49,2309
2/26/16 5:49,2495
2/27/16 5:49,2761
2/28/16 5:49,2813
2/29/16 5:49,3576
3/1/16 5:49,2271
3/2/16 5:49,2704
3/3/16 5:49,2806
3/4/16 5:49,3093
3/5/16 5:49,3164
3/6/16 5:49,3482
3/7/16 5:49,3553
3/8/16 5:49,2303
3/9/16 5:49,2796
3/10/16 5:49,2657
3/11/16 5:49,3024
3/12/16 5:49,3239
3/13/16 5:49,3370
3/14/16 5:49,3629
3/15/16 5:49,2421
3/16/16 5:49,2713
3/17/16 5:49,2799
3/18/16 5:49,2890
3/19/16 5:49,3253
3/20/16 5:49,3370
3/21/16 5:49,3602
3/22/16 5:49,2374
3/23/16 5:49,2833
3/24/16 5:49,2687
3/25/16 5:49,2998
3/26/16 5:49,3250
3/27/16 5:49,3331
3/28/16 5:49,3596
3/29/16 5:49,2426
3/30/16 5:49,2794
3/31/16 5:49,3237
4/1/16 5:49,3498
4/2/16 5:49,3735
4/3/16 5:49,3972
4/4/16 5:49,4225
4/5/16 5:49,2803
4/6/16 5:49,3321
4/7/16 5:49,3099
4/8/16 5:49,3514
4/9/16 5:49,3768
4/10/16 5:49,4012
4/11/16 5:49,4265
4/12/16 5:49,2796
4/13/16 5:49,3263
4/14/16 5:49,3296
4/15/16 5:49,3617
4/16/16 5:49,3865
4/17/16 5:49,4040
4/18/16 5:49,4306
4/19/16 5:49,2782
4/20/16 5:49,3205
4/21/16 5:49,3270
4/22/16 5:49,3570
4/23/16 5:49,3660
4/24/16 5:49,3972
4/25/16 5:49,4275
4/26/16 5:49,2769
4/27/16 5:49,3277
4/28/16 5:49,3292
4/29/16 5:49,3462
4/30/16 5:49,4031
5/1/16 5:49,4301
5/2/16 5:49,4393
5/3/16 5:49,2966
5/4/16 5:49,3620
5/5/16 5:49,3539
5/6/16 5:49,3850
5/7/16 5:49,3987
5/8/16 5:49,4248
5/9/16 5:49,4515
5/10/16 5:49,3007
5/11/16 5:49,3427
5/12/16 5:49,3464
5/13/16 5:49,3816
5/14/16 5:49,4035
5/15/16 5:49,4159
5/16/16 5:49,4555
5/17/16 5:49,2923
5/18/16 5:49,3504
5/19/16 5:49,3561
5/20/16 5:49,3798
5/21/16 5:49,3966
5/22/16 5:49,4288
5/23/16 5:49,4488
5/24/16 5:49,2996
5/25/16 5:49,3386
5/26/16 5:49,3549
5/27/16 5:49,3708
5/28/16 5:49,4094
5/29/16 5:49,4117
5/30/16 5:49,4489
5/31/16 5:49,3155
6/1/16 5:49,3770
6/2/16 5:49,3699
6/3/16 5:49,4000
6/4/16 5:49,4313
6/5/16 5:49,4558
6/6/16 5:49,4813
6/7/16 5:49,3188
6/8/16 5:49,3687
6/9/16 5:49,3726
6/10/16 5:49,4046
6/11/16 5:49,4197
6/12/16 5:49,4508
6/13/16 5:49,4854
6/14/16 5:49,3098
6/15/16 5:49,3700
6/16/16 5:49,3747
6/17/16 5:49,3857
6/18/16 5:49,4244
6/19/16 5:49,4615
6/20/16 5:49,4726
6/21/16 5:49,3169
6/22/16 5:49,3657
6/23/16 5:49,3778
6/24/16 5:49,4087
6/25/16 5:49,4268
6/26/16 5:49,4601
6/27/16 5:49,4665
6/28/16 5:49,3173
6/29/16 5:49,3773
6/30/16 5:49,4084
7/1/16 5:49,4409
7/2/16 5:49,4524
7/3/16 5:49,4789
7/4/16 5:49,5062
7/5/16 5:49,3432
7/6/16 5:49,3880
7/7/16 5:49,3968
7/8/16 5:49,4253
7/9/16 5:49,4482
7/10/16 5:49,4678
7/11/16 5:49,5174
7/12/16 5:49,3509
7/13/16 5:49,3897
7/14/16 5:49,4013
7/15/16 5:49,4290
7/16/16 5:49,4587
7/17/16 5:49,4834
7/18/16 5:49,5110
7/19/16 5:49,3420
7/20/16 5:49,3917
7/21/16 5:49,3909
7/22/16 5:49,4244
7/23/16 5:49,4580
7/24/16 5:49,4730
7/25/16 5:49,5030
7/26/16 5:49,3424
7/27/16 5:49,3970
7/28/16 5:49,4008
7/29/16 5:49,4155
7/30/16 5:49,4445
7/31/16 5:49,4234
8/1/16 5:49,4589
8/2/16 5:49,3212
8/3/16 5:49,3377
8/4/16 5:49,3515
8/5/16 5:49,3851
8/6/16 5:49,4053
8/7/16 5:49,4282
8/8/16 5:49,4467
8/9/16 5:49,2992
8/10/16 5:49,3537
8/11/16 5:49,3378
8/12/16 5:49,3744
8/13/16 5:49,3934
8/14/16 5:49,4358
8/15/16 5:49,4486
8/16/16 5:49,3076
8/17/16 5:49,3436
8/18/16 5:49,3465
8/19/16 5:49,3793
8/20/16 5:49,4163
8/21/16 5:49,4202
8/22/16 5:49,4469
8/23/16 5:49,3030
8/24/16 5:49,3403
8/25/16 5:49,3498
8/26/16 5:49,3737
8/27/16 5:49,4042
8/28/16 5:49,4155
8/29/16 5:49,4644
8/30/16 5:49,3104
8/31/16 5:49,3319
9/1/16 5:49,3133
9/2/16 5:49,3505
9/3/16 5:49,3746
9/4/16 5:49,4000
9/5/16 5:49,4342
9/6/16 5:49,2797
9/7/16 5:49,3244
9/8/16 5:49,3253
9/9/16 5:49,3503
9/10/16 5:49,3699
9/11/16 5:49,3980
9/12/16 5:49,4170
9/13/16 5:49,2658
9/14/16 5:49,3257
9/15/16 5:49,3223
9/16/16 5:49,3503
9/17/16 5:49,3684
9/18/16 5:49,3905
9/19/16 5:49,4191
9/20/16 5:49,2846
9/21/16 5:49,3292
9/22/16 5:49,3218
9/23/16 5:49,3505
9/24/16 5:49,3797
9/25/16 5:49,3929
9/26/16 5:49,4223
9/27/16 5:49,2793
9/28/16 5:49,3386
9/29/16 5:49,3322
9/30/16 5:49,3324
10/1/16 5:49,3551
10/2/16 5:49,3712
10/3/16 5:49,3800
10/4/16 5:49,2622
10/5/16 5:49,2961
10/6/16 5:49,3109
10/7/16 5:49,3263
10/8/16 5:49,3376
10/9/16 5:49,3624
10/10/16 5:49,3971
10/11/16 5:49,2662
10/12/16 5:49,3042
10/13/16 5:49,2954
10/14/16 5:49,3154
10/15/16 5:49,3501
10/16/16 5:49,3661
10/17/16 5:49,3864
10/18/16 5:49,2521
10/19/16 5:49,3033
10/20/16 5:49,3055
10/21/16 5:49,3233
10/22/16 5:49,3540
10/23/16 5:49,3626
10/24/16 5:49,3937
10/25/16 5:49,2661
10/26/16 5:49,3007
10/27/16 5:49,3078
10/28/16 5:49,3278
10/29/16 5:49,3477
10/30/16 5:49,3661
10/31/16 5:49,4307
11/1/16 5:49,2846
11/2/16 5:49,3292
11/3/16 5:49,3217
11/4/16 5:49,3581
11/5/16 5:49,3756
11/6/16 5:49,3903
11/7/16 5:49,4177
11/8/16 5:49,2831
11/9/16 5:49,3220
11/10/16 5:49,3317
11/11/16 5:49,3557
11/12/16 5:49,3748
11/13/16 5:49,3897
11/14/16 5:49,4191
11/15/16 5:49,2842
11/16/16 5:49,3233
11/17/16 5:49,3281
11/18/16 5:49,3421
11/19/16 5:49,3668
11/20/16 5:49,4003
11/21/16 5:49,4215
11/22/16 5:49,2734
11/23/16 5:49,3286
11/24/16 5:49,3271
11/25/16 5:49,3534
11/26/16 5:49,3721
11/27/16 5:49,3943
11/28/16 5:49,4185
11/29/16 5:49,2808
11/30/16 5:49,2293
12/1/16 5:49,2435
12/2/16 5:49,2521
12/3/16 5:49,2663
12/4/16 5:49,2986
12/5/16 5:49,3034
12/6/16 5:49,1979
12/7/16 5:49,2401
12/8/16 5:49,2324
12/9/16 5:49,2487
12/10/16 5:49,2668
12/11/16 5:49,2906
12/12/16 5:49,2993
12/13/16 5:49,2043
12/14/16 5:49,2313
12/15/16 5:49,2382
12/16/16 5:49,2487
12/17/16 5:49,2657
12/18/16 5:49,2696
12/19/16 5:49,3006
12/20/16 5:49,2030
12/21/16 5:49,2340
12/22/16 5:49,2323
12/23/16 5:49,2529
12/24/16 5:49,2580
12/25/16 5:49,2841
12/26/16 5:49,2968
12/27/16 5:49,1965
12/28/16 5:49,2366
12/29/16 5:49,2355
12/30/16 5:49,2463
12/31/16 5:49,2630
1/1/17 5:49,2703
1/2/17 5:49,2923
1/3/17 5:49,1940
1/4/17 5:49,2365
1/5/17 5:49,2226
1/6/17 5:49,2431
1/7/17 5:49,2593
1/8/17 5:49,2846
1/9/17 5:49,2960
1/10/17 5:49,1965
1/11/17 5:49,2259
1/12/17 5:49,2206
1/13/17 5:49,2412
1/14/17 5:49,2676
1/15/17 5:49,2841
1/16/17 5:49,2931
1/17/17 5:49,1945
1/18/17 5:49,2290
1/19/17 5:49,2253
1/20/17 5:49,2474
1/21/17 5:49,2616
1/22/17 5:49,2751
1/23/17 5:49,2921
1/24/17 5:49,2000
1/25/17 5:49,2192
1/26/17 5:49,2344
1/27/17 5:49,2421
1/28/17 5:49,2616
1/29/17 5:49,2722
1/30/17 5:49,2940
1/31/17 5:49,2103
2/1/17 5:49,2536
2/2/17 5:49,2595
2/3/17 5:49,2701
2/4/17 5:49,2904
2/5/17 5:49,3037
2/6/17 5:49,3132
2/7/17 5:49,2130
2/8/17 5:49,2573
2/9/17 5:49,2512
2/10/17 5:49,2693
2/11/17 5:49,2900
2/12/17 5:49,3069
2/13/17 5:49,3250
2/14/17 5:49,2138
2/15/17 5:49,2597
2/16/17 5:49,2543
2/17/17 5:49,2743
2/18/17 5:49,2935
2/19/17 5:49,3107
2/20/17 5:49,3185
2/21/17 5:49,2250
2/22/17 5:49,2518
2/23/17 5:49,2485
2/24/17 5:49,2805
2/25/17 5:49,2942
2/26/17 5:49,3116
2/27/17 5:49,3217
2/28/17 5:49,2135
3/1/17 5:49,3069
3/2/17 5:49,2955
3/3/17 5:49,3228
3/4/17 5:49,3443
3/5/17 5:49,3749
3/6/17 5:49,3978
3/7/17 5:49,2559
3/8/17 5:49,3069
3/9/17 5:49,3020
3/10/17 5:49,3211
3/11/17 5:49,3557
3/12/17 5:49,3745
3/13/17 5:49,3952
3/14/17 5:49,2603
3/15/17 5:49,3079
3/16/17 5:49,2956
3/17/17 5:49,3333
3/18/17 5:49,3541
3/19/17 5:49,3675
3/20/17 5:49,3837
3/21/17 5:49,2658
3/22/17 5:49,3179
3/23/17 5:49,2938
3/24/17 5:49,3210
3/25/17 5:49,3467
3/26/17 5:49,3688
3/27/17 5:49,3901
3/28/17 5:49,2687
3/29/17 5:49,3072
3/30/17 5:49,2993
3/31/17 5:49,3243
4/1/17 5:49,4125
4/2/17 5:49,4280
4/3/17 5:49,4636
4/4/17 5:49,2963
4/5/17 5:49,3564
4/6/17 5:49,3656
4/7/17 5:49,3776
4/8/17 5:49,3965
4/9/17 5:49,4279
4/10/17 5:49,4537
4/11/17 5:49,3004
4/12/17 5:49,3463
4/13/17 5:49,3578
4/14/17 5:49,3724
4/15/17 5:49,3953
4/16/17 5:49,4176
4/17/17 5:49,4646
4/18/17 5:49,3075
4/19/17 5:49,3542
4/20/17 5:49,3481
4/21/17 5:49,3702
4/22/17 5:49,4086
4/23/17 5:49,4283
4/24/17 5:49,4559
4/25/17 5:49,3136
4/26/17 5:49,3537
4/27/17 5:49,3469
4/28/17 5:49,3916
4/29/17 5:49,4035
4/30/17 5:49,4408
5/1/17 5:49,4845
5/2/17 5:49,3255
5/3/17 5:49,3839
5/4/17 5:49,3810
5/5/17 5:49,4105
5/6/17 5:49,4397
5/7/17 5:49,4676
5/8/17 5:49,4858
5/9/17 5:49,3287
5/10/17 5:49,3788
5/11/17 5:49,3807
5/12/17 5:49,4022
5/13/17 5:49,4277
5/14/17 5:49,4561
5/15/17 5:49,4703
5/16/17 5:49,3305
5/17/17 5:49,3735
5/18/17 5:49,3770
5/19/17 5:49,4013
5/20/17 5:49,4492
5/21/17 5:49,4663
5/22/17 5:49,4738
5/23/17 5:49,3272
5/24/17 5:49,3750
5/25/17 5:49,3784
5/26/17 5:49,4012
5/27/17 5:49,4194
5/28/17 5:49,4473
5/29/17 5:49,5051
5/30/17 5:49,3241
5/31/17 5:49,3880
6/1/17 5:49,3988
6/2/17 5:49,4351
6/3/17 5:49,4620
6/4/17 5:49,4913
6/5/17 5:49,5429
6/6/17 5:49,3481
6/7/17 5:49,4069
6/8/17 5:49,3952
6/9/17 5:49,4377
6/10/17 5:49,4558
6/11/17 5:49,4952
6/12/17 5:49,5153
6/13/17 5:49,3483
6/14/17 5:49,4022
6/15/17 5:49,4124
6/16/17 5:49,4412
6/17/17 5:49,4745
6/18/17 5:49,4690
6/19/17 5:49,5182
6/20/17 5:49,3486
6/21/17 5:49,4182
6/22/17 5:49,4202
6/23/17 5:49,4403
6/24/17 5:49,4658
6/25/17 5:49,4927
6/26/17 5:49,5368
6/27/17 5:49,3542
6/28/17 5:49,4044
6/29/17 5:49,3883
6/30/17 5:49,4339
7/1/17 5:49,5025
7/2/17 5:49,5247
7/3/17 5:49,5605
7/4/17 5:49,3643
7/5/17 5:49,4326
7/6/17 5:49,4298
7/7/17 5:49,4602
7/8/17 5:49,4908
7/9/17 5:49,5258
7/10/17 5:49,5589
7/11/17 5:49,3643
7/12/17 5:49,4254
7/13/17 5:49,4396
7/14/17 5:49,4652
7/15/17 5:49,4828
7/16/17 5:49,5285
7/17/17 5:49,5593
7/18/17 5:49,3679
7/19/17 5:49,4242
7/20/17 5:49,4390
7/21/17 5:49,4664
7/22/17 5:49,5043
7/23/17 5:49,5117
7/24/17 5:49,5415
7/25/17 5:49,3644
7/26/17 5:49,4305
7/27/17 5:49,4293
7/28/17 5:49,4673
7/29/17 5:49,4904
7/30/17 5:49,5225
7/31/17 5:49,5647
8/1/17 5:49,3283
8/2/17 5:49,3890
8/3/17 5:49,3878
8/4/17 5:49,4001
8/5/17 5:49,4370
8/6/17 5:49,4871
8/7/17 5:49,4854
8/8/17 5:49,3244
8/9/17 5:49,3805
8/10/17 5:49,3812
8/11/17 5:49,3981
8/12/17 5:49,4322
8/13/17 5:49,4621
8/14/17 5:49,4910
8/15/17 5:49,3305
8/16/17 5:49,3779
8/17/17 5:49,3714
8/18/17 5:49,4022
8/19/17 5:49,4414
8/20/17 5:49,4503
8/21/17 5:49,4884
8/22/17 5:49,3244
8/23/17 5:49,3801
8/24/17 5:49,3840
8/25/17 5:49,4072
8/26/17 5:49,4350
8/27/17 5:49,4591
8/28/17 5:49,4839
8/29/17 5:49,3273
8/30/17 5:49,3658
8/31/17 5:49,3854
9/1/17 5:49,3933
9/2/17 5:49,4021
9/3/17 5:49,4226
9/4/17 5:49,4623
9/5/17 5:49,2963
9/6/17 5:49,3491
9/7/17 5:49,3407
9/8/17 5:49,3790
9/9/17 5:49,4144
9/10/17 5:49,4294
9/11/17 5:49,4535
9/12/17 5:49,2948
9/13/17 5:49,3561
9/14/17 5:49,3457
9/15/17 5:49,3785
9/16/17 5:49,4145
9/17/17 5:49,4307
9/18/17 5:49,4644
9/19/17 5:49,3086
9/20/17 5:49,3489
9/21/17 5:49,3443
9/22/17 5:49,3733
9/23/17 5:49,4117
9/24/17 5:49,4294
9/25/17 5:49,4528
9/26/17 5:49,3042
9/27/17 5:49,3529
9/28/17 5:49,3606
9/29/17 5:49,3801
9/30/17 5:49,4076
10/1/17 5:49,3875
10/2/17 5:49,4127
10/3/17 5:49,2909
10/4/17 5:49,3296
10/5/17 5:49,3296
10/6/17 5:49,3466
10/7/17 5:49,3774
10/8/17 5:49,3999
10/9/17 5:49,4254
10/10/17 5:49,2744
10/11/17 5:49,3304
10/12/17 5:49,3311
10/13/17 5:49,3526
10/14/17 5:49,3748
10/15/17 5:49,4130
10/16/17 5:49,4316
10/17/17 5:49,2711
10/18/17 5:49,3282
10/19/17 5:49,3309
10/20/17 5:49,3530
10/21/17 5:49,3765
10/22/17 5:49,3994
10/23/17 5:49,4289
10/24/17 5:49,2800
10/25/17 5:49,3382
10/26/17 5:49,3205
10/27/17 5:49,3602
10/28/17 5:49,3849
10/29/17 5:49,4033
10/30/17 5:49,4091
10/31/17 5:49,2836
11/1/17 5:49,3497
11/2/17 5:49,3525
11/3/17 5:49,3848
11/4/17 5:49,4082
11/5/17 5:49,4337
11/6/17 5:49,4626
11/7/17 5:49,3026
11/8/17 5:49,3546
11/9/17 5:49,3679
11/10/17 5:49,3720
11/11/17 5:49,4106
11/12/17 5:49,4221
11/13/17 5:49,4605
11/14/17 5:49,3026
11/15/17 5:49,3458
11/16/17 5:49,3551
11/17/17 5:49,3763
11/18/17 5:49,4131
11/19/17 5:49,4306
11/20/17 5:49,4674
11/21/17 5:49,3008
11/22/17 5:49,3528
11/23/17 5:49,3514
11/24/17 5:49,3778
11/25/17 5:49,4062
11/26/17 5:49,4314
11/27/17 5:49,4547
11/28/17 5:49,3067
11/29/17 5:49,3584
11/30/17 5:49,3576
12/1/17 5:49,2743
12/2/17 5:49,2830
12/3/17 5:49,3147
12/4/17 5:49,3248
12/5/17 5:49,2193
12/6/17 5:49,2452
12/7/17 5:49,2480
12/8/17 5:49,2792
12/9/17 5:49,2841
12/10/17 5:49,3130
12/11/17 5:49,3194
12/12/17 5:49,2188
12/13/17 5:49,2549
12/14/17 5:49,2526
12/15/17 5:49,2732
12/16/17 5:49,2913
12/17/17 5:49,3055
12/18/17 5:49,3270
12/19/17 5:49,2215
12/20/17 5:49,2540
12/21/17 5:49,2445
12/22/17 5:49,2739
12/23/17 5:49,2815
12/24/17 5:49,3140
12/25/17 5:49,3194
12/26/17 5:49,2075
12/27/17 5:49,2462
12/28/17 5:49,2491
12/29/17 5:49,2801
12/30/17 5:49,2847
12/31/17 5:49,3092
1/1/18 5:49,3044
1/2/18 5:49,1967
1/3/18 5:49,2481
1/4/18 5:49,2348
1/5/18 5:49,2648
1/6/18 5:49,2677
1/7/18 5:49,2861
1/8/18 5:49,2988
1/9/18 5:49,2018
1/10/18 5:49,2471
1/11/18 5:49,2386
1/12/18 5:49,2458
1/13/18 5:49,2641
1/14/18 5:49,2835
1/15/18 5:49,3042
1/16/18 5:49,1912
1/17/18 5:49,2350
1/18/18 5:49,2355
1/19/18 5:49,2456
1/20/18 5:49,2701
1/21/18 5:49,2869
1/22/18 5:49,3030
1/23/18 5:49,2066
1/24/18 5:49,2427
1/25/18 5:49,2298
1/26/18 5:49,2493
1/27/18 5:49,2591
1/28/18 5:49,2788
1/29/18 5:49,2933
1/30/18 5:49,2025
1/31/18 5:49,2385
2/1/18 5:49,2675
2/2/18 5:49,2831
2/3/18 5:49,3026
2/4/18 5:49,3224
2/5/18 5:49,3413
2/6/18 5:49,2270
2/7/18 5:49,2630
2/8/18 5:49,2591
2/9/18 5:49,2749
2/10/18 5:49,2959
2/11/18 5:49,3259
2/12/18 5:49,3350
2/13/18 5:49,2184
2/14/18 5:49,2613
2/15/18 5:49,2676
2/16/18 5:49,2815
2/17/18 5:49,3079
2/18/18 5:49,3206
2/19/18 5:49,3391
2/20/18 5:49,2167
2/21/18 5:49,2563
2/22/18 5:49,2614
2/23/18 5:49,2828
2/24/18 5:49,3052
2/25/18 5:49,3289
2/26/18 5:49,3382
2/27/18 5:49,2231
2/28/18 5:49,2635
3/1/18 5:49,3179
3/2/18 5:49,3389
3/3/18 5:49,3640
3/4/18 5:49,3799
3/5/18 5:49,4048
3/6/18 5:49,2796
3/7/18 5:49,3137
3/8/18 5:49,3236
3/9/18 5:49,3439
3/10/18 5:49,3502
3/11/18 5:49,3790
3/12/18 5:49,4094
3/13/18 5:49,2755
3/14/18 5:49,3263
3/15/18 5:49,3168
3/16/18 5:49,3370
3/17/18 5:49,3646
3/18/18 5:49,3849
3/19/18 5:49,4081
3/20/18 5:49,2710
3/21/18 5:49,3208
3/22/18 5:49,3310
3/23/18 5:49,3299
3/24/18 5:49,3559
3/25/18 5:49,3796
3/26/18 5:49,4091
3/27/18 5:49,2724
3/28/18 5:49,3116
3/29/18 5:49,3205
3/30/18 5:49,3409
3/31/18 5:49,3475
4/1/18 5:49,4402
4/2/18 5:49,4722
4/3/18 5:49,3039
4/4/18 5:49,3619
4/5/18 5:49,3548
4/6/18 5:49,3896
4/7/18 5:49,4309
4/8/18 5:49,4449
4/9/18 5:49,4667
4/10/18 5:49,3223
4/11/18 5:49,3599
4/12/18 5:49,3705
4/13/18 5:49,3870
4/14/18 5:49,4240
4/15/18 5:49,4512
4/16/18 5:49,4647
4/17/18 5:49,3089
4/18/18 5:49,3547
4/19/18 5:49,3724
4/20/18 5:49,4026
4/21/18 5:49,4173
4/22/18 5:49,4401
4/23/18 5:49,4746
4/24/18 5:49,3194
4/25/18 5:49,3724
4/26/18 5:49,3674
4/27/18 5:49,3820
4/28/18 5:49,4286
4/29/18 5:49,4508
4/30/18 5:49,4672
5/1/18 5:49,3292
5/2/18 5:49,4097
5/3/18 5:49,3965
5/4/18 5:49,4134
5/5/18 5:49,4498
5/6/18 5:49,4747
5/7/18 5:49,5065
5/8/18 5:49,3477
5/9/18 5:49,3958
5/10/18 5:49,4010
5/11/18 5:49,4253
5/12/18 5:49,4440
5/13/18 5:49,4723
5/14/18 5:49,5033
5/15/18 5:49,3325
5/16/18 5:49,3937
5/17/18 5:49,3929
5/18/18 5:49,4240
5/19/18 5:49,4574
5/20/18 5:49,4792
5/21/18 5:49,5100
5/22/18 5:49,3342
5/23/18 5:49,3798
5/24/18 5:49,3923
5/25/18 5:49,4238
5/26/18 5:49,4625
5/27/18 5:49,4853
5/28/18 5:49,5039
5/29/18 5:49,3369
5/30/18 5:49,3782
5/31/18 5:49,3916
6/1/18 5:49,4498
6/2/18 5:49,4720
6/3/18 5:49,5145
6/4/18 5:49,5387
6/5/18 5:49,3632
6/6/18 5:49,4251
6/7/18 5:49,4269
6/8/18 5:49,4529
6/9/18 5:49,4776
6/10/18 5:49,5179
6/11/18 5:49,5379
6/12/18 5:49,3493
6/13/18 5:49,4208
6/14/18 5:49,4311
6/15/18 5:49,4493
6/16/18 5:49,4754
6/17/18 5:49,5090
6/18/18 5:49,5415
6/19/18 5:49,3558
6/20/18 5:49,4108
6/21/18 5:49,4191
6/22/18 5:49,4505
6/23/18 5:49,4732
6/24/18 5:49,5080
6/25/18 5:49,5408
6/26/18 5:49,3604
6/27/18 5:49,4142
6/28/18 5:49,4198
6/29/18 5:49,4521
6/30/18 5:49,4779
7/1/18 5:49,5433
7/2/18 5:49,5771
7/3/18 5:49,3847
7/4/18 5:49,4441
7/5/18 5:49,4412
7/6/18 5:49,4852
7/7/18 5:49,5086
7/8/18 5:49,5317
7/9/18 5:49,5689
7/10/18 5:49,3911
7/11/18 5:49,4487
7/12/18 5:49,4328
7/13/18 5:49,4669
7/14/18 5:49,5003
7/15/18 5:49,5368
7/16/18 5:49,5765
7/17/18 5:49,3811
7/18/18 5:49,4374
7/19/18 5:49,4475
7/20/18 5:49,4725
7/21/18 5:49,5246
7/22/18 5:49,5500
7/23/18 5:49,5839
7/24/18 5:49,3854
7/25/18 5:49,4597
7/26/18 5:49,4483
7/27/18 5:49,4853
7/28/18 5:49,5043
7/29/18 5:49,5396
7/30/18 5:49,5755
7/31/18 5:49,3775
8/1/18 5:49,3936
8/2/18 5:49,3880
8/3/18 5:49,4252
8/4/18 5:49,4447
8/5/18 5:49,4775
8/6/18 5:49,5000
8/7/18 5:49,3369
8/8/18 5:49,4016
8/9/18 5:49,3945
8/10/18 5:49,4343
8/11/18 5:49,4609
8/12/18 5:49,4785
8/13/18 5:49,4984
8/14/18 5:49,3350
8/15/18 5:49,3846
8/16/18 5:49,3944
8/17/18 5:49,4311
8/18/18 5:49,4548
8/19/18 5:49,4775
8/20/18 5:49,5173
8/21/18 5:49,3340
8/22/18 5:49,3904
8/23/18 5:49,4018
8/24/18 5:49,4214
8/25/18 5:49,4506
8/26/18 5:49,4966
8/27/18 5:49,5263
8/28/18 5:49,3322
8/29/18 5:49,4019
8/30/18 5:49,3875
8/31/18 5:49,4148
9/1/18 5:49,4142
9/2/18 5:49,4404
9/3/18 5:49,4675
9/4/18 5:49,3137
9/5/18 5:49,3603
9/6/18 5:49,3750
9/7/18 5:49,3869
9/8/18 5:49,4229
9/9/18 5:49,4478
9/10/18 5:49,4694
9/11/18 5:49,3103
9/12/18 5:49,3656
9/13/18 5:49,3724
9/14/18 5:49,4081
9/15/18 5:49,4145
9/16/18 5:49,4546
9/17/18 5:49,4854
9/18/18 5:49,3131
9/19/18 5:49,3605
9/20/18 5:49,3680
9/21/18 5:49,3914
9/22/18 5:49,4126
9/23/18 5:49,4448
9/24/18 5:49,4792
9/25/18 5:49,3205
9/26/18 5:49,3626
9/27/18 5:49,3715
9/28/18 5:49,3989
9/29/18 5:49,4233
9/30/18 5:49,4484
10/1/18 5:49,4423
10/2/18 5:49,2930
10/3/18 5:49,3433
10/4/18 5:49,3344
10/5/18 5:49,3695
10/6/18 5:49,3882
10/7/18 5:49,4098
10/8/18 5:49,4268
10/9/18 5:49,2901
10/10/18 5:49,3342
10/11/18 5:49,3413
10/12/18 5:49,3703
10/13/18 5:49,3973
10/14/18 5:49,4187
10/15/18 5:49,4371
10/16/18 5:49,2964
10/17/18 5:49,3413
10/18/18 5:49,3529
10/19/18 5:49,3754
10/20/18 5:49,3877
10/21/18 5:49,4162
10/22/18 5:49,4422
10/23/18 5:49,3020
10/24/18 5:49,3424
10/25/18 5:49,3499
10/26/18 5:49,3629
10/27/18 5:49,3861
10/28/18 5:49,4191
10/29/18 5:49,4385
10/30/18 5:49,2954
10/31/18 5:49,3445
11/1/18 5:49,3525
11/2/18 5:49,4013
11/3/18 5:49,4206
11/4/18 5:49,4384
11/5/18 5:49,4834
11/6/18 5:49,3133
11/7/18 5:49,3733
11/8/18 5:49,3652
11/9/18 5:49,3905
11/10/18 5:49,4195
11/11/18 5:49,4405
11/12/18 5:49,4740
11/13/18 5:49,3110
11/14/18 5:49,3762
11/15/18 5:49,3746
11/16/18 5:49,3960
11/17/18 5:49,4141
11/18/18 5:49,4466
11/19/18 5:49,4716
11/20/18 5:49,3144
11/21/18 5:49,3827
11/22/18 5:49,3679
11/23/18 5:49,4003
11/24/18 5:49,4258
11/25/18 5:49,4475
11/26/18 5:49,4853
11/27/18 5:49,3144
11/28/18 5:49,3707
11/29/18 5:49,3654
11/30/18 5:49,3988
12/1/18 5:49,3022
12/2/18 5:49,3165
12/3/18 5:49,3451
12/4/18 5:49,2220
12/5/18 5:49,2602
12/6/18 5:49,2549
12/7/18 5:49,2870
12/8/18 5:49,2952
12/9/18 5:49,3129
12/10/18 5:49,3417
12/11/18 5:49,2213
12/12/18 5:49,2595
12/13/18 5:49,2670
12/14/18 5:49,2808
12/15/18 5:49,3029
12/16/18 5:49,3276
12/17/18 5:49,3322
12/18/18 5:49,2257
12/19/18 5:49,2695
12/20/18 5:49,2671
12/21/18 5:49,2886
12/22/18 5:49,3054
12/23/18 5:49,3233
12/24/18 5:49,3347
12/25/18 5:49,2318
12/26/18 5:49,2581
12/27/18 5:49,2624
12/28/18 5:49,2839
12/29/18 5:49,3025
12/30/18 5:49,3151
12/31/18 5:49,3370